@Article{WELCH1947p28-35,
  author    = {B. L. WELCH},
  journal   = {Biometrika},
  title     = {{THE} {GENERALIZATION} {OF} `{STUDENT}{\textquotesingle}S' {PROBLEM} {WHEN} {SEVERAL} {DIFFERENT} {POPULATION} {VARLANCES} {ARE} {INVOLVED}},
  year      = {1947},
  number    = {1-2},
  pages     = {28--35},
  volume    = {34},
  doi       = {10.1093/biomet/34.1-2.28},
  file      = {:WELCH1947p28-35 - THE GENERALIZATION oF `STUDENT_S' PROBLEM WHEN SEVERAL DIFFERENT POPULATION VARLANCES ARE INVOLVED.pdf:PDF},
  publisher = {Oxford University Press ({OUP})},
}

@Comment{jabref-meta: databaseType:bibtex;}
