@Article{Lee2022p155-155,
  author    = {Lee, Moon Hee and Bae, Kyun-Seop},
  journal   = {Translational and Clinical Pharmacology},
  title     = {Implementation of Miettinen-Nurminen score method with or without stratification in R},
  year      = {2022},
  issn      = {2383-5427},
  number    = {3},
  pages     = {155},
  volume    = {30},
  doi       = {10.12793/tcp.2022.30.e16},
  publisher = {Korean Society for Clinical Pharmacology and Therapeutics},
}

@Comment{jabref-meta: databaseType:bibtex;}
