@Article{Wang2021p6133-6149,
  author    = {Wang, Peijin and Chow, Shein‐Chung},
  journal   = {Statistics in Medicine},
  title     = {Sample size re‐estimation in clinical trials},
  year      = {2021},
  issn      = {1097-0258},
  month     = aug,
  number    = {27},
  pages     = {6133--6149},
  volume    = {40},
  doi       = {10.1002/sim.9175},
  publisher = {Wiley},
}

@Article{Denne2001p2645-2660,
  author    = {Denne, Jonathan S.},
  journal   = {Statistics in Medicine},
  title     = {Sample size recalculation using conditional power},
  year      = {2001},
  issn      = {1097-0258},
  month     = aug,
  number    = {17–18},
  pages     = {2645--2660},
  volume    = {20},
  doi       = {10.1002/sim.734},
  publisher = {Wiley},
}

@Article{Edwards2023p-,
  author    = {Edwards, Julia M. and Walters, Stephen J. and Julious, Steven A.},
  journal   = {Trials},
  title     = {A retrospective analysis of conditional power assumptions in clinical trials with continuous or binary endpoints},
  year      = {2023},
  issn      = {1745-6215},
  month     = mar,
  number    = {1},
  volume    = {24},
  doi       = {10.1186/s13063-023-07202-6},
  publisher = {Springer Science and Business Media LLC},
}

@Article{Proschan2009p348-357,
  author    = {Proschan, Michael A.},
  journal   = {Biometrical Journal},
  title     = {Sample size re‐estimation in clinical trials},
  year      = {2009},
  issn      = {1521-4036},
  month     = apr,
  number    = {2},
  pages     = {348--357},
  volume    = {51},
  doi       = {10.1002/bimj.200800266},
  publisher = {Wiley},
}

@Article{Bhatt2016p65-74,
  author    = {Bhatt, Deepak L. and Mehta, Cyrus},
  journal   = {New England Journal of Medicine},
  title     = {Adaptive Designs for Clinical Trials},
  year      = {2016},
  issn      = {1533-4406},
  month     = jul,
  number    = {1},
  pages     = {65--74},
  volume    = {375},
  doi       = {10.1056/nejmra1510061},
  editor    = {Drazen, Jeffrey M. and Harrington, David P. and McMurray, John J.V. and Ware, James H. and Woodcock, Janet},
  publisher = {Massachusetts Medical Society},
}

@Article{Gao2008p1184-1196,
  author    = {Gao, Ping and Ware, James H. and Mehta, Cyrus},
  journal   = {Journal of Biopharmaceutical Statistics},
  title     = {Sample Size Re-Estimation for Adaptive Sequential Design in Clinical Trials},
  year      = {2008},
  issn      = {1520-5711},
  month     = nov,
  number    = {6},
  pages     = {1184--1196},
  volume    = {18},
  doi       = {10.1080/10543400802369053},
  publisher = {Informa UK Limited},
}

@Article{Cui1999p853-857,
  author    = {Cui, Lu and Hung, H. M. James and Wang, Sue‐Jane},
  journal   = {Biometrics},
  title     = {Modification of Sample Size in Group Sequential Clinical Trials},
  year      = {1999},
  issn      = {1541-0420},
  month     = sep,
  number    = {3},
  pages     = {853--857},
  volume    = {55},
  doi       = {10.1111/j.0006-341x.1999.00853.x},
  publisher = {Oxford University Press (OUP)},
}

@Article{Kundu2023p-,
  author    = {Kundu, Madan Gopal and Samanta, Sandipan and Mondal, Shoubhik},
  title     = {Review of calculation of conditional power, predictive power and probability of success in clinical trials with continuous, binary and time-to-event endpoints},
  year      = {2023},
  month     = jan,
  doi       = {10.21203/rs.3.rs-930504/v2},
  publisher = {Research Square Platform LLC},
}

@Article{Chuang-Stein2006p475-484,
  author    = {Chuang-Stein, Christy and Anderson, Keaven and Gallo, Paul and Collins, Sylva},
  journal   = {Drug Information Journal},
  title     = {Sample Size Reestimation: A Review and Recommendations},
  year      = {2006},
  issn      = {2164-9200},
  month     = oct,
  number    = {4},
  pages     = {475--484},
  volume    = {40},
  doi       = {10.1177/216847900604000413},
  publisher = {Springer Science and Business Media LLC},
}

@Article{Chen2004p1023-1038,
  author    = {Chen, Y. H. Joshua and DeMets, David L. and Gordon Lan, K. K.},
  journal   = {Statistics in Medicine},
  title     = {Increasing the sample size when the unblinded interim result is promising},
  year      = {2004},
  issn      = {1097-0258},
  month     = mar,
  number    = {7},
  pages     = {1023--1038},
  volume    = {23},
  doi       = {10.1002/sim.1688},
  publisher = {Wiley},
}

@Article{Bretz2009p1181-1217,
  author    = {Bretz, Frank and Koenig, Franz and Brannath, Werner and Glimm, Ekkehard and Posch, Martin},
  journal   = {Statistics in Medicine},
  title     = {Adaptive designs for confirmatory clinical trials},
  year      = {2009},
  issn      = {1097-0258},
  month     = mar,
  number    = {8},
  pages     = {1181--1217},
  volume    = {28},
  doi       = {10.1002/sim.3538},
  publisher = {Wiley},
}

@Article{KraghAndersen1987p67-74,
  author    = {Kragh Andersen, Per},
  journal   = {Controlled Clinical Trials},
  title     = {Conditional power calculations as an aid in the decision whether to continue a clinical trial},
  year      = {1987},
  issn      = {0197-2456},
  month     = mar,
  number    = {1},
  pages     = {67--74},
  volume    = {8},
  doi       = {10.1016/0197-2456(87)90027-4},
  publisher = {Elsevier BV},
}

@Article{Mehta2010p3267-3284,
  author    = {Mehta, Cyrus R. and Pocock, Stuart J.},
  journal   = {Statistics in Medicine},
  title     = {Adaptive increase in sample size when interim results are promising: A practical guide with examples},
  year      = {2010},
  issn      = {1097-0258},
  month     = nov,
  number    = {28},
  pages     = {3267--3284},
  volume    = {30},
  doi       = {10.1002/sim.4102},
  publisher = {Wiley},
}

@Article{Hsiao2018p1175-1186,
  author    = {Hsiao, Samuel T. and Liu, Lingyun and Mehta, Cyrus R.},
  journal   = {Biometrical Journal},
  title     = {Optimal promising zone designs},
  year      = {2018},
  issn      = {1521-4036},
  month     = nov,
  number    = {5},
  pages     = {1175--1186},
  volume    = {61},
  doi       = {10.1002/bimj.201700308},
  publisher = {Wiley},
}

@Article{Edwards2020p-,
  author    = {Edwards, Julia M. and Walters, Stephen J. and Kunz, Cornelia and Julious, Steven A.},
  journal   = {Trials},
  title     = {A systematic review of the “promising zone” design},
  year      = {2020},
  issn      = {1745-6215},
  month     = dec,
  number    = {1},
  volume    = {21},
  doi       = {10.1186/s13063-020-04931-w},
  publisher = {Springer Science and Business Media LLC},
}

@Book{Jennison2000p-,
  author    = {Jennison, Christopher and Turnbull, Bruce W.},
  publisher = {Chapman & Hall},
  title     = {Group sequential methods with applications to clinical trials},
  year      = {2000},
  address   = {Boca Raton, Fla. [u.a.]},
  isbn      = {0849303168},
  note      = {Includes bibliographical references and index},
  pagetotal = {390},
  ppn_gvk   = {303963360},
}

@Article{Kuehnapfel2017p-,
  author    = {Kuehnapfel, Andreas and Schwarzenberger, Fabian and Scholz, Markus},
  journal   = {The International Journal of Biostatistics},
  title     = {On the Conditional Power in Survival Time Analysis Considering Cure Fractions},
  year      = {2017},
  issn      = {1557-4679},
  month     = jan,
  number    = {1},
  volume    = {13},
  doi       = {10.1515/ijb-2015-0073},
  publisher = {Walter de Gruyter GmbH},
}

@Comment{jabref-meta: databaseType:bibtex;}
