@Article{WHITLOCK2005p1368-1373,
  author    = {WHITLOCK, M. C.},
  journal   = {Journal of Evolutionary Biology},
  title     = {Combining probability from independent tests: the weighted Z‐method is superior to Fisher’s approach},
  year      = {2005},
  issn      = {1420-9101},
  month     = aug,
  number    = {5},
  pages     = {1368--1373},
  volume    = {18},
  doi       = {10.1111/j.1420-9101.2005.00917.x},
  publisher = {Oxford University Press (OUP)},
}

@Article{ZAYKIN2011p1836-1841,
  author    = {ZAYKIN, D. V.},
  journal   = {Journal of Evolutionary Biology},
  title     = {Optimally weighted Z-test is a powerful method for combining probabilities in meta-analysis: Optimally weighted Z-test is a powerful method},
  year      = {2011},
  issn      = {1010-061X},
  month     = may,
  number    = {8},
  pages     = {1836--1841},
  volume    = {24},
  doi       = {10.1111/j.1420-9101.2011.02297.x},
  publisher = {Oxford University Press (OUP)},
}

@Article{Lehmacher1999p1286-1290,
  author    = {Lehmacher, Walter and Wassmer, Gernot},
  journal   = {Biometrics},
  title     = {Adaptive Sample Size Calculations in Group Sequential Trials},
  year      = {1999},
  issn      = {1541-0420},
  month     = dec,
  number    = {4},
  pages     = {1286--1290},
  volume    = {55},
  doi       = {10.1111/j.0006-341x.1999.01286.x},
  publisher = {Oxford University Press (OUP)},
}

@Article{Saner1994p253-267,
  author    = {Saner, Hilary},
  journal   = {Psychometrika},
  title     = {A conservative inverse normal test procedure for combining p-values in integrative research},
  year      = {1994},
  issn      = {1860-0980},
  month     = jun,
  number    = {2},
  pages     = {253--267},
  volume    = {59},
  doi       = {10.1007/bf02295187},
  publisher = {Springer Science and Business Media LLC},
}

@Comment{jabref-meta: databaseType:bibtex;}
