@Article{Robins2000p779-788,
  author    = {Robins, James M. and Finkelstein, Dianne M.},
  journal   = {Biometrics},
  title     = {Correcting for Noncompliance and Dependent Censoring in an AIDS Clinical Trial with Inverse Probability of Censoring Weighted (IPCW) Log‚ÄêRank Tests},
  year      = {2000},
  issn      = {1541-0420},
  month     = sep,
  number    = {3},
  pages     = {779--788},
  volume    = {56},
  doi       = {10.1111/j.0006-341x.2000.00779.x},
  publisher = {Oxford University Press (OUP)},
}

@Article{Chesnaye2021p14-20,
  author    = {Chesnaye, Nicholas C and Stel, Vianda S and Tripepi, Giovanni and Dekker, Friedo W and Fu, Edouard L and Zoccali, Carmine and Jager, Kitty J},
  journal   = {Clinical Kidney Journal},
  title     = {An introduction to inverse probability of treatment weighting in observational research},
  year      = {2021},
  issn      = {2048-8513},
  month     = aug,
  number    = {1},
  pages     = {14--20},
  volume    = {15},
  doi       = {10.1093/ckj/sfab158},
  publisher = {Oxford University Press (OUP)},
}

@Comment{jabref-meta: databaseType:bibtex;}
