@Article{Ciminata2022p262293-262293,
  author    = {Ciminata, Giorgio and Geue, Claudia and Wu, Olivia and Deidda, Manuela and Kreif, Noemi and Langhorne, Peter},
  journal   = {PLOS ONE},
  title     = {Propensity score methods for comparative-effectiveness analysis: A case study of direct oral anticoagulants in the atrial fibrillation population},
  year      = {2022},
  issn      = {1932-6203},
  month     = jan,
  number    = {1},
  pages     = {e0262293},
  volume    = {17},
  doi       = {10.1371/journal.pone.0262293},
  editor    = {Pizzi, Carmine},
  publisher = {Public Library of Science (PLoS)},
}

@Article{Cheng2022p1140-1151,
  author    = {Cheng, Chao and Li, Fan and Thomas, Laine E and Li, Fan (Frank)},
  journal   = {American Journal of Epidemiology},
  title     = {Addressing Extreme Propensity Scores in Estimating Counterfactual Survival Functions via the Overlap Weights},
  year      = {2022},
  issn      = {1476-6256},
  month     = mar,
  number    = {6},
  pages     = {1140--1151},
  volume    = {191},
  doi       = {10.1093/aje/kwac043},
  publisher = {Oxford University Press (OUP)},
}

@Comment{jabref-meta: databaseType:bibtex;}
