@Article{Molenberghs2004p445-464,
  author    = {Molenberghs, G.},
  journal   = {Biostatistics},
  title     = {Analyzing incomplete longitudinal clinical trial data},
  year      = {2004},
  issn      = {1468-4357},
  month     = jul,
  number    = {3},
  pages     = {445--464},
  volume    = {5},
  doi       = {10.1093/biostatistics/kxh001},
  publisher = {Oxford University Press (OUP)},
}

@Article{Cnaan1997p2349-2380,
  author    = {Cnaan, Avital and Laird, Nan M. and Slasor, Peter},
  journal   = {Statistics in Medicine},
  title     = {Using the general linear mixed model to analyse unbalanced repeated measures and longitudinal data},
  year      = {1997},
  issn      = {1097-0258},
  month     = oct,
  number    = {20},
  pages     = {2349--2380},
  volume    = {16},
  doi       = {10.1002/(sici)1097-0258(19971030)16:20<2349::aid-sim667>3.0.co;2-e},
  publisher = {Wiley},
}

@Article{Mallinckrodt2008p303-319,
  author    = {Mallinckrodt, Craig H. and Lane, Peter W. and Schnell, Dan and Peng, Yahong and Mancuso, James P.},
  journal   = {Drug Information Journal},
  title     = {Recommendations for the Primary Analysis of Continuous Endpoints in Longitudinal Clinical Trials},
  year      = {2008},
  issn      = {2164-9200},
  month     = jul,
  number    = {4},
  pages     = {303--319},
  volume    = {42},
  doi       = {10.1177/009286150804200402},
  publisher = {Springer Science and Business Media LLC},
}

@Comment{jabref-meta: databaseType:bibtex;}
