@Article{Bartroff2014p100-114,
  author    = {Bartroff, Jay and Song, Jinlin},
  journal   = {Journal of Statistical Planning and Inference},
  title     = {Sequential tests of multiple hypotheses controlling type I and II familywise error rates},
  year      = {2014},
  issn      = {0378-3758},
  month     = oct,
  pages     = {100--114},
  volume    = {153},
  doi       = {10.1016/j.jspi.2014.05.010},
  publisher = {Elsevier BV},
}

@Article{Bartroff2020p65-91,
  author    = {Bartroff, Jay and Song, Jinlin},
  journal   = {Sequential Analysis},
  title     = {Sequential tests of multiple hypotheses controlling false discovery and nondiscovery rates},
  year      = {2020},
  issn      = {1532-4176},
  month     = jan,
  number    = {1},
  pages     = {65--91},
  volume    = {39},
  doi       = {10.1080/07474946.2020.1726686},
  publisher = {Informa UK Limited},
}

@Article{Tamhane2021p5333-5350,
  author    = {Tamhane, Ajit C. and Xi, Dong and Gou, Jiangtao},
  journal   = {Statistics in Medicine},
  title     = {Group sequential Holm and Hochberg procedures},
  year      = {2021},
  issn      = {1097-0258},
  month     = jul,
  number    = {24},
  pages     = {5333--5350},
  volume    = {40},
  doi       = {10.1002/sim.9128},
  publisher = {Wiley},
}

@Article{Teng2020p2373-2386,
  author    = {Teng, Zhaoyang and Tian, Yuan and Liu, Yi and Liu, Guohui},
  journal   = {Statistics in Medicine},
  title     = {Seamless phase 2/3 oncology trial design with flexible sample size determination},
  year      = {2020},
  issn      = {1097-0258},
  month     = apr,
  number    = {18},
  pages     = {2373--2386},
  volume    = {39},
  doi       = {10.1002/sim.8543},
  publisher = {Wiley},
}

@Article{Miao2023p-,
  author    = {Miao, Guanhong and Liao, Jason J. Z. and Yang, Jing and Anderson, Keaven},
  journal   = {BMC Medical Research Methodology},
  title     = {A gated group sequential design for seamless Phase II/III trial with subpopulation selection},
  year      = {2023},
  issn      = {1471-2288},
  month     = jan,
  number    = {1},
  volume    = {23},
  doi       = {10.1186/s12874-022-01825-0},
  publisher = {Springer Science and Business Media LLC},
}

@Article{MARCUS1976p655-660,
  author    = {MARCUS, RUTH and ERIC, PERITZ and GABRIEL, K. R.},
  journal   = {Biometrika},
  title     = {On closed testing procedures with special reference to ordered analysis of variance},
  year      = {1976},
  issn      = {1464-3510},
  number    = {3},
  pages     = {655--660},
  volume    = {63},
  doi       = {10.1093/biomet/63.3.655},
  publisher = {Oxford University Press (OUP)},
}

@Comment{jabref-meta: databaseType:bibtex;}
