@Article{Scharfstein1997p1342-1350,
  author    = {Scharfstein, Daniel O. and Tsiatis, Anastasios A. and Robins, James M.},
  journal   = {Journal of the American Statistical Association},
  title     = {Semiparametric Efficiency and its Implication on the Design and Analysis of Group-Sequential Studies},
  year      = {1997},
  issn      = {1537-274X},
  month     = dec,
  number    = {440},
  pages     = {1342--1350},
  volume    = {92},
  doi       = {10.1080/01621459.1997.10473655},
  publisher = {Informa UK Limited},
}

@Article{Zhu2015p2184-2196,
  author    = {Zhu, Han and Yu, Qingzhao},
  journal   = {Statistical Methods in Medical Research},
  title     = {A Bayesian sequential design using alpha spending function to control type I error},
  year      = {2015},
  issn      = {1477-0334},
  month     = jul,
  number    = {5},
  pages     = {2184--2196},
  volume    = {26},
  doi       = {10.1177/0962280215595058},
  publisher = {SAGE Publications},
}

@Article{Skovlund1998p645-650,
  author    = {Skovlund, Eva},
  journal   = {Acta Oncologica},
  title     = {Interim Analyses of Survival Data in Cancer Clinical Trials},
  year      = {1998},
  issn      = {1651-226X},
  month     = jan,
  number    = {7–8},
  pages     = {645--650},
  volume    = {37},
  doi       = {10.1080/028418698429982},
  publisher = {MJS Publishing, Medical Journals Sweden AB},
}

@Article{Li1999p277-283,
  author    = {Li, Zhengqing},
  journal   = {Biometrics},
  title     = {A Group Sequential Test for Survival Trials: An Alternative to Rank‐Based Procedures},
  year      = {1999},
  issn      = {1541-0420},
  month     = mar,
  number    = {1},
  pages     = {277--283},
  volume    = {55},
  doi       = {10.1111/j.0006-341x.1999.00277.x},
  publisher = {Oxford University Press (OUP)},
}

@Article{Spiessens2010p647-656,
  author    = {Spiessens, Bart and Debois, Muriel},
  journal   = {Contemporary Clinical Trials},
  title     = {Adjusted significance levels for subgroup analyses in clinical trials},
  year      = {2010},
  issn      = {1551-7144},
  month     = nov,
  number    = {6},
  pages     = {647--656},
  volume    = {31},
  doi       = {10.1016/j.cct.2010.08.011},
  publisher = {Elsevier BV},
}

@Article{Fleming1993p183-197,
  author    = {Fleming, Thomas R. and DeMets, David L.},
  journal   = {Controlled Clinical Trials},
  title     = {Monitoring of clinical trials: Issues and recommendations},
  year      = {1993},
  issn      = {0197-2456},
  month     = jun,
  number    = {3},
  pages     = {183--197},
  volume    = {14},
  doi       = {10.1016/0197-2456(93)90002-u},
  publisher = {Elsevier BV},
}

@Article{Demets1994p1341-1352,
  author    = {Demets, David L. and Lan, K. K. Gordon},
  journal   = {Statistics in Medicine},
  title     = {Interim analysis: The alpha spending function approach},
  year      = {1994},
  issn      = {1097-0258},
  month     = jul,
  number    = {13–14},
  pages     = {1341--1352},
  volume    = {13},
  doi       = {10.1002/sim.4780131308},
  publisher = {Wiley},
}

@InBook{DeMets1995p1-27,
  author    = {DeMets, David L. and Lan, Gordon},
  pages     = {1--27},
  publisher = {Springer US},
  title     = {The alpha spending function approach to interim data analyses},
  year      = {1995},
  isbn      = {9781461520092},
  booktitle = {Recent Advances in Clinical Trial Design and Analysis},
  doi       = {10.1007/978-1-4615-2009-2_1},
  issn      = {0927-3042},
}

@Article{Demets1987p753-760,
  author    = {Demets, David L.},
  journal   = {Statistics in Medicine},
  title     = {Practical aspects in data monitoring: A brief review},
  year      = {1987},
  issn      = {1097-0258},
  month     = oct,
  number    = {7},
  pages     = {753--760},
  volume    = {6},
  doi       = {10.1002/sim.4780060706},
  publisher = {Wiley},
}

@Article{Kim1992p1391-1399,
  author    = {Kim, Kyungmann and Demets, David L.},
  journal   = {Statistics in Medicine},
  title     = {Sample size determination for group sequential clinical trials with immediate response},
  year      = {1992},
  issn      = {1097-0258},
  month     = jan,
  number    = {10},
  pages     = {1391--1399},
  volume    = {11},
  doi       = {10.1002/sim.4780111012},
  publisher = {Wiley},
}

@Article{Wu2017p35-43,
  author    = {Wu, Jianrong and Xiong, Xiaoping},
  journal   = {Statistics in Biopharmaceutical Research},
  title     = {Group Sequential Survival Trial Design and Monitoring Using the Log-Rank Test},
  year      = {2017},
  issn      = {1946-6315},
  month     = jan,
  number    = {1},
  pages     = {35--43},
  volume    = {9},
  doi       = {10.1080/19466315.2016.1189355},
  publisher = {Informa UK Limited},
}

@Article{Chen2014p817-833,
  author    = {Chen, Liddy M. and Ibrahim, Joseph G. and Chu, Haitao},
  journal   = {Journal of Biopharmaceutical Statistics},
  title     = {Flexible Stopping Boundaries When Changing Primary Endpoints After Unblinded Interim Analyses},
  year      = {2014},
  issn      = {1520-5711},
  month     = may,
  number    = {4},
  pages     = {817--833},
  volume    = {24},
  doi       = {10.1080/10543406.2014.901341},
  publisher = {Informa UK Limited},
}

@Article{POCOCK1977p191-199,
  author    = {POCOCK, S. J.},
  journal   = {Biometrika},
  title     = {Group sequential methods in the design and analysis of clinical trials},
  year      = {1977},
  issn      = {1464-3510},
  month     = aug,
  number    = {2},
  pages     = {191--199},
  volume    = {64},
  doi       = {10.1093/biomet/64.2.191},
  publisher = {Oxford University Press (OUP)},
}

@Article{GORDONLAN1983p659-663,
  author    = {GORDON LAN, K. K. and DEMETS, DAVID L.},
  journal   = {Biometrika},
  title     = {Discrete sequential boundaries for clinical trials},
  year      = {1983},
  issn      = {1464-3510},
  number    = {3},
  pages     = {659--663},
  volume    = {70},
  doi       = {10.1093/biomet/70.3.659},
  publisher = {Oxford University Press (OUP)},
}

@Article{DeMets1985p1039-1039,
  author    = {DeMets, David L. and Gail, Mitchell H.},
  journal   = {Biometrics},
  title     = {Use of Logrank Tests and Group Sequential Methods at Fixed Calendar Times},
  year      = {1985},
  issn      = {0006-341X},
  month     = dec,
  number    = {4},
  pages     = {1039},
  volume    = {41},
  doi       = {10.2307/2530975},
  publisher = {JSTOR},
}

@Article{O’Brien1979p549-549,
  author    = {O’Brien, Peter C. and Fleming, Thomas R.},
  journal   = {Biometrics},
  title     = {A Multiple Testing Procedure for Clinical Trials},
  year      = {1979},
  issn      = {0006-341X},
  month     = sep,
  number    = {3},
  pages     = {549},
  volume    = {35},
  doi       = {10.2307/2530245},
  publisher = {JSTOR},
}

@Article{Anderson2024p281-293,
  author    = {Anderson, Keaven M. and Zhao, Yujie and Xiao, Nan and Ge, Joy and Weisman, Harlan F.},
  journal   = {Statistics in Biopharmaceutical Research},
  title     = {Some Group Sequential Trials from Industry over the Last 30 Years},
  year      = {2024},
  issn      = {1946-6315},
  month     = may,
  number    = {3},
  pages     = {281--293},
  volume    = {16},
  doi       = {10.1080/19466315.2024.2334354},
  publisher = {Informa UK Limited},
}

@Comment{jabref-meta: databaseType:bibtex;}
