@Article{Ding2023p-,
  author        = {Ding, Peng},
  title         = {A First Course in Causal Inference},
  year          = {2023},
  month         = may,
  abstract      = {I developed the lecture notes based on my ``Causal Inference'' course at the University of California Berkeley over the past seven years. Since half of the students were undergraduates, my lecture notes only required basic knowledge of probability theory, statistical inference, and linear and logistic regressions.},
  archiveprefix = {arXiv},
  copyright     = {Creative Commons Attribution 4.0 International},
  doi           = {10.48550/ARXIV.2305.18793},
  eprint        = {2305.18793},
  file          = {:http\://arxiv.org/pdf/2305.18793v2:PDF},
  keywords      = {Methodology (stat.ME), Applications (stat.AP), FOS: Computer and information sciences},
  primaryclass  = {stat.ME},
  publisher     = {arXiv},
}

@Article{Ding2024p-,
  author        = {Ding, Peng},
  title         = {Linear Model and Extensions},
  year          = {2024},
  month         = jan,
  abstract      = {I developed the lecture notes based on my ``Linear Model'' course at the University of California Berkeley over the past seven years. This book provides an intermediate-level introduction to the linear model. It balances rigorous proofs and heuristic arguments. This book provides R code to replicate all simulation studies and case studies.},
  archiveprefix = {arXiv},
  copyright     = {Creative Commons Attribution 4.0 International},
  doi           = {10.48550/ARXIV.2401.00649},
  eprint        = {2401.00649},
  file          = {:http\://arxiv.org/pdf/2401.00649v1:PDF},
  keywords      = {Methodology (stat.ME), Applications (stat.AP), FOS: Computer and information sciences},
  primaryclass  = {stat.ME},
  publisher     = {arXiv},
}

@Comment{jabref-meta: databaseType:bibtex;}
