@Article{White1999p2617-2634,
  author    = {White, Ian R. and Babiker, Abdel G. and Walker, Sarah and Darbyshire, Janet H.},
  journal   = {Statistics in Medicine},
  title     = {Randomization-based methods for correcting for treatment changes: examples from the Concorde trial},
  year      = {1999},
  issn      = {1097-0258},
  month     = oct,
  number    = {19},
  pages     = {2617--2634},
  volume    = {18},
  doi       = {10.1002/(sici)1097-0258(19991015)18:19<2617::aid-sim187>3.0.co;2-e},
  publisher = {Wiley},
}

@Article{Robins1991p2609-2631,
  author    = {Robins, James M. and Tsiatis, Anastasios A.},
  journal   = {Communications in Statistics - Theory and Methods},
  title     = {Correcting for non-compliance in randomized trials using rank preserving structural failure time models},
  year      = {1991},
  issn      = {1532-415X},
  month     = jan,
  number    = {8},
  pages     = {2609--2631},
  volume    = {20},
  doi       = {10.1080/03610929108830654},
  publisher = {Informa UK Limited},
}

@Comment{jabref-meta: databaseType:bibtex;}
