@Article{Panageas2007p428-432,
  author    = {Panageas, K. S. and Ben-Porat, L. and Dickler, M. N. and Chapman, P. B. and Schrag, D.},
  journal   = {JNCI Journal of the National Cancer Institute},
  title     = {When You Look Matters: The Effect of Assessment Schedule on Progression-Free Survival},
  year      = {2007},
  issn      = {1460-2105},
  month     = mar,
  number    = {6},
  pages     = {428--432},
  volume    = {99},
  doi       = {10.1093/jnci/djk091},
  publisher = {Oxford University Press (OUP)},
}

@Article{Turnbull1976p290-295,
  author    = {Turnbull, Bruce W.},
  journal   = {Journal of the Royal Statistical Society Series B: Statistical Methodology},
  title     = {The Empirical Distribution Function with Arbitrarily Grouped, Censored and Truncated Data},
  year      = {1976},
  issn      = {1467-9868},
  month     = jul,
  number    = {3},
  pages     = {290--295},
  volume    = {38},
  doi       = {10.1111/j.2517-6161.1976.tb01597.x},
  publisher = {Oxford University Press (OUP)},
}

@Article{Tang2021p4961-4976,
  author    = {Tang, Yongqiang},
  journal   = {Statistics in Medicine},
  title     = {Some new confidence intervals for Kaplan‚ÄêMeier based estimators from one and two sample survival data},
  year      = {2021},
  issn      = {1097-0258},
  month     = jun,
  number    = {23},
  pages     = {4961--4976},
  volume    = {40},
  doi       = {10.1002/sim.9105},
  publisher = {Wiley},
}

@Article{Taketomi2022p3907-3907,
  author    = {Taketomi, Nanami and Yamamoto, Kazuki and Chesneau, Christophe and Emura, Takeshi},
  journal   = {Mathematics},
  title     = {Parametric Distributions for Survival and Reliability Analyses, a Review and Historical Sketch},
  year      = {2022},
  issn      = {2227-7390},
  month     = oct,
  number    = {20},
  pages     = {3907},
  volume    = {10},
  doi       = {10.3390/math10203907},
  publisher = {MDPI AG},
}

@Article{Heitjan2015p26-33,
  author    = {Heitjan, Daniel F. and Ge, Zhiyun and Ying, Gui-shuang},
  journal   = {Contemporary Clinical Trials},
  title     = {Real-time prediction of clinical trial enrollment and event counts: A review},
  year      = {2015},
  issn      = {1551-7144},
  month     = nov,
  pages     = {26--33},
  volume    = {45},
  doi       = {10.1016/j.cct.2015.07.010},
  publisher = {Elsevier BV},
}

@Article{Fang2011p755-759,
  author    = {Fang, Liang and Su, Zheng},
  journal   = {Contemporary Clinical Trials},
  title     = {A hybrid approach to predicting events in clinical trials with time-to-event outcomes},
  year      = {2011},
  issn      = {1551-7144},
  month     = sep,
  number    = {5},
  pages     = {755--759},
  volume    = {32},
  doi       = {10.1016/j.cct.2011.05.013},
  publisher = {Elsevier BV},
}

@Article{Wu2014p26-33,
  author    = {Wu, Jianrong},
  journal   = {Pharmaceutical Statistics},
  title     = {Sample size calculation for the one-sample log-rank test},
  year      = {2014},
  issn      = {1539-1604},
  month     = oct,
  number    = {1},
  pages     = {26--33},
  volume    = {14},
  doi       = {10.1002/pst.1654},
  publisher = {Wiley},
}

@Article{Kerschke2020p2814-2829,
  author    = {Kerschke, Laura and Faldum, Andreas and Schmidt, Rene},
  journal   = {Statistical Methods in Medical Research},
  title     = {An improved one-sample log-rank test},
  year      = {2020},
  issn      = {1477-0334},
  month     = mar,
  number    = {10},
  pages     = {2814--2829},
  volume    = {29},
  doi       = {10.1177/0962280220906590},
  publisher = {SAGE Publications},
}

@Comment{jabref-meta: databaseType:bibtex;}
